\%----------------------------------------------------------------------------------------
%	 Qualitative Analysis papers
%----------------------------------------------------------------------------------------

@incollection{Cortesi15,
	year={2015},
	isbn={978-3-662-46080-1},
	booktitle={Verification, Model Checking, and Abstract Interpretation},
	volume={8931},
	series={Lecture Notes in Computer Science},
	editor={D?Souza, Deepak and Lal, Akash and Larsen, KimGuldstrand},
	doi={10.1007/978-3-662-46081-8_4},
	title={Datacentric Semantics for Verification of Privacy Policy Compliance by Mobile Applications},
	url={http://dx.doi.org/10.1007/978-3-662-46081-8_4},
	publisher={Springer Berlin Heidelberg},
	keywords={Abstract Interpretation; Privacy; Information-flow Analysis},
	author={Cortesi, Agostino and Ferrara, Pietro and Pistoia, Marco and Tripp, Omer},
	pages={61-79}
}

%----------------------------------------------------------------------------------------
%	 Quantitative Analysis papers
%----------------------------------------------------------------------------------------

% Quantitative Information Flow As Network Flow Capacity
@article{McCamant08,
	author = {McCamant, Stephen and Ernst, Michael D.},
	title = {Quantitative Information Flow As Network Flow Capacity},
	journal = {SIGPLAN Not.},
	issue_date = {June 2008},
	volume = {43},
	number = {6},
	month = jun,
	year = {2008},
	issn = {0362-1340},
	pages = {193--205},
	numpages = {13},
	url = {http://doi.acm.org/10.1145/1379022.1375606},
	doi = {10.1145/1379022.1375606},
	acmid = {1375606},
	publisher = {ACM},
	address = {New York, NY, USA},
	keywords = {dynamic analysis, implicit flow, information-flow analysis}
} 



%----------------------------------------------------------------------------------------
%	 Declassification papers
%----------------------------------------------------------------------------------------

% Declassification: Dimensions and Principles
@article{Sabelfeld:2009:DDP:1662658.1662659,
	author = {Sabelfeld, Andrei and Sands, David},
	title = {Declassification: Dimensions and Principles},
	journal = {J. Comput. Secur.},
	issue_date = {October 2009},
	volume = {17},
	number = {5},
	month = oct,
	year = {2009},
	issn = {0926-227X},
	pages = {517--548},
	numpages = {32},
	url = {http://dl.acm.org/citation.cfm?id=1662658.1662659},
	acmid = {1662659},
	publisher = {IOS Press},
	address = {Amsterdam, The Netherlands, The Netherlands},
	keywords = {Information flow, declassification}
}

% Enforcing Robust Declassification
@inproceedings{Myers:2004:ERD:1009380.1009673,
	author = {Myers, Andrew C. and Sabelfeld, Andrei and Zdancewic, Steve},
	title = {Enforcing Robust Declassification},
	booktitle = {Proceedings of the 17th IEEE Workshop on Computer Security Foundations},
	series = {CSFW '04},
	year = {2004},
	isbn = {0-7695-2169-X},
	pages = {172--},
	url = {http://dx.doi.org/10.1109/CSFW.2004.9},
	doi = {10.1109/CSFW.2004.9},
	acmid = {1009673},
	publisher = {IEEE Computer Society},
	address = {Washington, DC, USA}
} 

%----------------------------------------------------------------------------------------
%	Dynamic Taint Analysis papers
%----------------------------------------------------------------------------------------

%----------------------------------------------------------------------------------------
%	Static Taint Analysis papers
%----------------------------------------------------------------------------------------

%DroidForce
@inproceedings{	TUD-CS-2014-0849,
	author = {Siegfried Rasthofer and Steven Arzt and Enrico Lovat and Eric Bodden},
	title = {DroidForce: Enforcing Complex, Data-Centric, System-Wide Policies in Android},
	month = sep,
	year = {2014},
	organization = {IEEE},
	booktitle = {Proceedings of the 9th International Conference on Availability, Reliability and Security (ARES)},
	note = {to appear},
	pubkey = {TUD-CS-2014-0849},
	research_area = {CASED, EC SPRIDE},
	research_sub_area = {Secure Software Engineering Group},
	pdf = {https://www.informatik.tu-darmstadt.de/fileadmin/user_upload/Group_EC-Spride/Publikationen/droidforce_ares2014.pdf}
}

% FlowDroid
@article{Arzt14,
	author = {Arzt, Steven and Rasthofer, Siegfried and Fritz, Christian and Bodden, Eric and Bartel, Alexandre and Klein, Jacques and Le Traon, Yves and Octeau, Damien and McDaniel, Patrick},
	title = {FlowDroid: Precise Context, Flow, Field, Object-sensitive and Lifecycle-aware Taint Analysis for Android Apps},
	journal = {SIGPLAN Not.},
	issue_date = {June 2014},
	volume = {49},
	number = {6},
	month = jun,
	year = {2014},
	issn = {0362-1340},
	pages = {259--269},
	numpages = {11},
	url = {http://doi.acm.org/10.1145/2666356.2594299},
	doi = {10.1145/2666356.2594299},
	acmid = {2594299},
	publisher = {ACM},
	address = {New York, NY, USA}
}
 
% These Aren'T the Droids You'Re Looking for
@inproceedings{Hornyack,
	author = {Hornyack, Peter and Han, Seungyeop and Jung, Jaeyeon and Schechter, Stuart and Wetherall, David},
	title = {These Aren'T the Droids You'Re Looking for: Retrofitting Android to Protect Data from Imperious Applications},
	booktitle = {Proceedings of the 18th ACM Conference on Computer and Communications Security},
	series = {CCS '11},
	year = {2011},
	isbn = {978-1-4503-0948-6},
	location = {Chicago, Illinois, USA},
	pages = {639--652},
	numpages = {14},
	url = {http://doi.acm.org/10.1145/2046707.2046780},
	doi = {10.1145/2046707.2046780},
	acmid = {2046780},
	publisher = {ACM},
	address = {New York, NY, USA},
	keywords = {android, privacy, smartphone}
}

% TaintDroid (2 versions, 2014 and 2010)
@article{Enck:2014:TIT:2642648.2619091,
	author = {Enck, William and Gilbert, Peter and Han, Seungyeop and Tendulkar, Vasant and Chun, Byung-Gon and Cox, Landon P. and Jung, Jaeyeon and McDaniel, Patrick and Sheth, Anmol N.},
	title = {TaintDroid: An Information-Flow Tracking System for Realtime Privacy Monitoring on Smartphones},
	journal = {ACM Trans. Comput. Syst.},
	issue_date = {June 2014},
	volume = {32},
	number = {2},
	month = jun,
	year = {2014},
	issn = {0734-2071},
	pages = {5:1--5:29},
	articleno = {5},
	numpages = {29},
	url = {http://doi.acm.org/10.1145/2619091},
	doi = {10.1145/2619091},
	acmid = {2619091},
	publisher = {ACM},
	address = {New York, NY, USA},
	keywords = {Information-flow tracking, mobile apps, privacy monitoring, smartphones}
}

@inproceedings{Enck:2010:TIT:1924943.1924971,
	author = {Enck, William and Gilbert, Peter and Chun, Byung-Gon and Cox, Landon P. and Jung, Jaeyeon and McDaniel, Patrick and Sheth, Anmol N.},
	title = {TaintDroid: An Information-flow Tracking System for Realtime Privacy Monitoring on Smartphones},
	booktitle = {Proceedings of the 9th USENIX Conference on Operating Systems Design and Implementation},
	series = {OSDI'10},
	year = {2010},
	location = {Vancouver, BC, Canada},
	pages = {1--6},
	numpages = {6},
	url = {http://dl.acm.org/citation.cfm?id=1924943.1924971},
	acmid = {1924971},
	publisher = {USENIX Association},
	address = {Berkeley, CA, USA}
} 

%----------------------------------------------------------------------------------------
%	Various papers
%----------------------------------------------------------------------------------------

% A Lattice Model of Secure Information Flow
@article{Denning:1976:LMS:360051.360056,
	author = {Denning, Dorothy E.},
	title = {A Lattice Model of Secure Information Flow},
	journal = {Commun. ACM},
	issue_date = {May 1976},
	volume = {19},
	number = {5},
	month = may,
	year = {1976},
	issn = {0001-0782},
	pages = {236--243},
	numpages = {8},
	url = {http://doi.acm.org/10.1145/360051.360056},
	doi = {10.1145/360051.360056},
	acmid = {360056},
	publisher = {ACM},
	address = {New York, NY, USA},
	keywords = {information flow, lattice, program certification, protection, security, security class}
} 

% Language-Based information-Flow Security
@article{1159651, 
	author={Sabelfeld, A. and Myers, A.C.}, 
	journal={Selected Areas in Communications, IEEE Journal on}, 
	title={Language-based information-flow security}, 
	year={2003}, 
	month={Jan}, 
	volume={21}, 
	number={1}, 
	pages={5-19}, 
	keywords={computer networks;programming languages;reviews;security of data;telecommunication security;attacker;computing system;confidentiality;covert channels;end-to-end behavior;information-flow policies;language-based information-flow security;programming-language techniques;secret input data;security policies;static program analysis;Access control;Computer security;Concurrent computing;Cryptography;Data security;Information analysis;Information security;Information systems;Military computing;Protection}, 
	doi={10.1109/JSAC.2002.806121}, 
	ISSN={0733-8716}
}

% Principles of secure Information Flow Analysis
@incollection{
	year={2007},
	isbn={978-0-387-32720-4},
	booktitle={Malware Detection},
	volume={27},
	series={Advances in Information Security},
	editor={Christodorescu, Mihai and Jha, Somesh and Maughan, Douglas and Song, Dawn and Wang, Cliff},
	doi={10.1007/978-0-387-44599-1_13},
	title={Principles of Secure Information Flow Analysis},
	url={http://dx.doi.org/10.1007/978-0-387-44599-1_13},
	publisher={Springer US},
	author={Smith, Geoffrey},
	pages={291-307},
	language={English}
}

@inproceedings{Cousot2014,
	author = {Cousot, Patrick and Cousot, Radhia},
	title = {Abstract Interpretation: Past, Present and Future},
	booktitle = {CSL-LICS},
	year = {2014},
	publisher = {ACM}
} 

@inproceedings{TrippUsenixSec,
	author = {Omer Tripp and Julia Rubin},
	title = {A Bayesian Approach to Privacy Enforcement in Smartphones},
	booktitle  = {USENIX Security},
	year = {2014}
}

@inproceedings{DIFC1,
	author    = {Maxwell N. Krohn and
	Eran Tromer},
	title     = {Noninterference for a Practical {DIFC}-Based Operating System},
	booktitle = {{IEEE} S{\&}P},
	year      = {2009},
	publisher = {{IEEE}}
}

@INPROCEEDINGS{DIFC2,
	author = {Andrew C. Myers and Barbara Liskov},
	title = {A Decentralized Model for Information Flow Control},
	booktitle = {SOSP},
	year = {1997},
	publisher = {ACM}
}

@INPROCEEDINGS{DifferentialPrivacy1,
	author = {Hamid Ebadi and David Sands and Gerardo Schneider},
	title = {Differential Privacy: Now it's Getting Personal},
	booktitle = {POPL},
	year = {2015},
	publisher = {ACM}
}

@inproceedings{DifferentialPrivacy2,
	author = {Dwork, Cynthia},
	title = {Differential Privacy: A Survey of Results},
	booktitle = {TAMC},
	publisher = {Springer},
	year = {2008}
} 

@inproceedings{QIF,
	author = {McCamant, Stephen and Ernst, Michael D.},
	title = {Quantitative Information Flow As Network Flow Capacity},
	booktitle = {PLDI},
	year = {2008},
	publisher = {ACM}
} 


@inproceedings{Chaudhuri09,
  author    = {Avik Chaudhuri},
  title     = {Language-based security on Android},
  booktitle = {PLAS},
  year      = {2009},
  publisher = {ACM}
}


@article{Nanevski13,
 author = {Nanevski, Aleksandar and Banerjee, Anindya and Garg, Deepak},
 title = {Dependent Type Theory for Verification of Information Flow and Access Control Policies},
 journal = {ACM TOPLAS},
 issue_date = {July 2013},
 volume = {35},
 number = {2},
 year = {2013},
 issn = {0164-0925},
 pages = {6:1--6:41},
 articleno = {6},
 numpages = {41},
 url = {http://doi.acm.org/10.1145/2491522.2491523},
 doi = {10.1145/2491522.2491523},
 acmid = {2491523},
 publisher = {ACM},
 address = {New York, NY, USA},
 keywords = {Information flow, access control, type theory}
} 

@inproceedings{Askarov10,
 author = {Askarov, Aslan and Myers, Andrew},
 title = {A Semantic Framework for Declassification and Endorsement},
 series = {ESOP},
 year = {2010},
 publisher = {Springer}
} 

@inproceedings{AlvimSS14,
  author    = {M{\'a}rio S. Alvim and
               Andre Scedrov and
               Fred B. Schneider},
  title     = {When Not All Bits Are Equal: Worth-Based Information Flow},
  booktitle = {POST},
  year      = {2014},
  publisher = {Springer}
}

@proceedings{DBLP:conf/post/2014,
  editor    = {Mart\'{\i}n Abadi and
               Steve Kremer},
  title     = {Principles of Security and Trust - Third International Conference,
               POST 2014, Held as Part of the European Joint Conferences
               on Theory and Practice of Software, ETAPS 2014, Grenoble,
               France, April 5-13, 2014, Proceedings},
  booktitle = {POST},
  publisher = {Springer},
  series    = {Lecture Notes in Computer Science},
  volume    = {8414},
  year      = {2014},
  isbn      = {978-3-642-54791-1},
  ee        = {http://dx.doi.org/10.1007/978-3-642-54792-8},
  bibsource = {DBLP, http://dblp.uni-trier.de}
}

@inproceedings{Fahndrich12,
  author    = {Xusheng Xiao and
               Nikolai Tillmann and
               Manuel F{\"a}hndrich and
               Jonathan de Halleux and
               Michal Moskal},
  title     = {User-aware privacy control via extended static-information-flow
               analysis},
  booktitle = {ASE},
  year      = {2012},
  publisher = {ACM}
}

@proceedings{DBLP:conf/kbse/2012,
  editor    = {Michael Goedicke and
               Tim Menzies and
               Motoshi Saeki},
  title     = {IEEE/ACM International Conference on Automated Software
               Engineering, ASE'12, Essen, Germany, September 3-7, 2012},
  booktitle = {ASE},
  publisher = {ACM},
  year      = {2012},
  isbn      = {978-1-4503-1204-2},
  ee        = {http://dl.acm.org/citation.cfm?id=2351676},
  bibsource = {DBLP, http://dblp.uni-trier.de}
  }

@article{TaintDroid,
  author    = {William Enck and
               Peter Gilbert and
               al.},
  title     = {TaintDroid: an information flow tracking system for real-time
               privacy monitoring on smartphones},
  journal   = {Comm.  of the  ACM},
  volume    = {57},
  number    = {3},
  year      = {2014},
  pages     = {99-106},
  ee        = {http://doi.acm.org/10.1145/2494522},
  bibsource = {DBLP, http://dblp.uni-trier.de}
}


@inproceedings{Chex,
  author    = {Long Lu and
               Zhichun Li and
               Zhenyu Wu and
               Wenke Lee and
               Guofei Jiang},
  title     = {CHEX: statically vetting Android apps for component hijacking
               vulnerabilities},
  booktitle = {CCS},
  year      = {2012},
  publisher = {ACM}
}

@proceedings{DBLP:conf/ccs/2012,
  editor    = {Ting Yu and
               George Danezis and
               Virgil D. Gligor},
  title     = {the ACM Conference on Computer and Communications Security,
               CCS'12, Raleigh, NC, USA, October 16-18, 2012},
  booktitle = {ACM Conference on Computer and Communications Security},
  publisher = {ACM},
  year      = {2012},
  isbn      = {978-1-4503-1651-4},
  ee        = {http://dl.acm.org/citation.cfm?id=2382196},
  bibsource = {DBLP, http://dblp.uni-trier.de}
}



@inproceedings{Bodden14,
  author    = { Siegfried Rasthofer and
                       Enrico Lovat and  
                       Eric Bodden},
  title     = {DROID FORCE: Enforcing Complex, Data-Centric, System-Wide Policies in Android},
  booktitle = {ARES},
  year      = {2014}
}


@inproceedings{BoddenFlowdroid,
  author    = {Steven Arzt and
               Siegfried Rasthofer and
           al.},
  title     = {FlowDroid: precise context, flow, field, object-sensitive
               and lifecycle-aware taint analysis for Android apps},
  booktitle = {PLDI},
  year      = {2014},
  publisher = {ACM}
}

@proceedings{DBLP:conf/pldi/2014,
  editor    = {Michael F. P. O'Boyle and
               Keshav Pingali},
  title     = {ACM SIGPLAN Conference on Programming Language Design and
               Implementation, PLDI '14, Edinburgh, United Kingdom - June
               09 - 11, 2014},
  booktitle = {PLDI},
  publisher = {ACM},
  year      = {2014},
  isbn      = {978-1-4503-2784-8},
  ee        = {http://dl.acm.org/citation.cfm?id=2594291},
  bibsource = {DBLP, http://dblp.uni-trier.de}
}







@inproceedings{HornyackHJSW11,
  author    = {Peter Hornyack and
               Seungyeop Han and
               Jaeyeon Jung and
               Stuart E. Schechter and
               David Wetherall},
  title     = {These aren't the droids you're looking for: retrofitting
               android to protect data from imperious applications},
  booktitle = {CCS},
  year      = {2011},
  publisher = {ACM}
}

@proceedings{DBLP:conf/ccs/2011,
  editor    = {Yan Chen and
               George Danezis and
               Vitaly Shmatikov},
  title     = {Proceedings of the 18th ACM Conference on Computer and Communications
               Security, CCS 2011, Chicago, Illinois, USA, October 17-21,
               2011},
  booktitle = {ACM Conference on Computer and Communications Security},
  publisher = {ACM},
  year      = {2011},
  isbn      = {978-1-4503-0948-6},
  bibsource = {DBLP, http://dblp.uni-trier.de}
}

[University of Trier] 



@inproceedings{Costantini11,
  author    = {Giulia Costantini and
               Pietro Ferrara and
               Agostino Cortesi},
  title     = {Static Analysis of String Values},
  booktitle = {ICFEM},
  year      = {2011},
  publisher = {Springer}
}

@proceedings{DBLP:conf/icfem/2011,
  editor    = {S. Qin and
               Z. Qiu},
  title     = {Formal Methods and Software Engineering - 13th International
               Conference on Formal Engineering Methods, ICFEM 2011, Durham,
               UK, October 26-28, 2011. Proceedings},
  booktitle = {ICFEM},
  publisher = {Springer},
  series    = {Lecture Notes in Computer Science},
  volume    = {6991},
  year      = {2011},
  isbn      = {978-3-642-24558-9},
  ee        = {http://dx.doi.org/10.1007/978-3-642-24559-6},
  bibsource = {DBLP, http://dblp.uni-trier.de}
}



@article{SpiekermannC09,
  author    = {Sarah Spiekermann and
               Lorrie Faith Cranor},
  title     = {Engineering Privacy},
  journal   = {IEEE Trans. Software Eng.},
  volume    = {35},
  number    = {1},
  year      = {2009},
  pages     = {67-82},
  ee        = {http://doi.ieeecomputersociety.org/10.1109/TSE.2008.88},
  bibsource = {DBLP, http://dblp.uni-trier.de}
}


@article{Mine06,
  author    = {Antoine Min{\'e}},
  title     = {The octagon abstract domain},
  journal   = {Higher-Order and Symbolic Computation},
  volume    = {19},
  number    = {1},
  year      = {2006},
  pages     = {31-100},
  ee        = {http://dx.doi.org/10.1007/s10990-006-8609-1},
  bibsource = {DBLP, http://dblp.uni-trier.de}
}

@inproceedings{OmoronyiaCSPN13,
  author    = {I. Omoronyia and
               L. Cavallaro and
              al.},
  title     = {Engineering adaptive privacy: on the role of privacy awareness
               requirements},
  booktitle = {ICSE},
  year      = {2013},
  publisher = {IEEE / ACM}
}

@proceedings{DBLP:conf/icse/2013,
  editor    = {D. Notkin et al.},
  title     = {35th International Conference on Software Engineering, ICSE
               '13, San Francisco, CA, USA, May 18-26, 2013},
  booktitle = {ICSE},
  publisher = {IEEE / ACM},
  year      = {2013},
  isbn      = {978-1-4673-3076-3},
  ee        = {http://dl.acm.org/citation.cfm?id=2486788},
  bibsource = {DBLP, http://dblp.uni-trier.de}
}


@inproceedings{Tripp09,
  author    = {Omer Tripp and
               Marco Pistoia and
               Stephen J. Fink and
               Manu Sridharan and
               Omri Weisman},
  title     = {TAJ: effective taint analysis of web applications},
  booktitle = {PLDI},
  year      = {2009},
  publisher = {ACM}
}

@proceedings{DBLP:conf/pldi/2009,
  editor    = {Michael Hind and
               Amer Diwan},
  title     = {Proceedings of the 2009 ACM SIGPLAN Conference on Programming
               Language Design and Implementation, PLDI 2009, Dublin, Ireland,
               June 15-21, 2009},
  booktitle = {PLDI},
  publisher = {ACM},
  year      = {2009},
  isbn      = {978-1-60558-392-1},
  bibsource = {DBLP, http://dblp.uni-trier.de}
}

@inproceedings{Tripp14a,
  author    = {Omer Tripp and
               Pietro Ferrara and
               Marco Pistoia},
  title     = {Hybrid security analysis of web JavaScript code via dynamic
               partial evaluation},
  booktitle = {ISSTA},
  year      = {2014},
  publisher = {ACM}
}

@proceedings{DBLP:conf/issta/2014,
  editor    = {Corina S. Pasareanu and
               Darko Marinov},
  title     = {International Symposium on Software Testing and Analysis,
               ISSTA '14, San Jose, CA, USA - July 21 - 26, 2014},
  booktitle = {ISSTA},
  publisher = {ACM},
  year      = {2014},
  isbn      = {978-1-4503-2645-2},
  ee        = {http://dl.acm.org/citation.cfm?id=2610384},
  bibsource = {DBLP, http://dblp.uni-trier.de}
}


@inproceedings{Sridharan11,
  author    = {Manu Sridharan and
               Shay Artzi and
               Marco Pistoia and
               Salvatore Guarnieri and
               Omer Tripp and
               Ryan Berg},
  title     = {F4F: taint analysis of framework-based web applications},
  booktitle = {OOPSLA},
  year      = {2011},
  publisher = {ACM}
}

@proceedings{DBLP:conf/oopsla/2011,
  editor    = {Cristina Videira Lopes and
               Kathleen Fisher},
  title     = {Proceedings of the 26th Annual ACM SIGPLAN Conference on
               Object-Oriented Programming, Systems, Languages, and Applications,
               OOPSLA 2011, part of SPLASH 2011, Portland, OR, USA, October
               22 - 27, 2011},
  booktitle = {OOPSLA},
  publisher = {ACM},
  year      = {2011},
  isbn      = {978-1-4503-0940-0},
  bibsource = {DBLP, http://dblp.uni-trier.de}
}

@inproceedings{logozzoPopl11,
  author    = {Patrick Cousot and
               Radhia Cousot and
               Francesco Logozzo},
  title     = {A parametric segmentation functor for fully automatic and
               scalable array content analysis},
  booktitle = {POPL},
  year      = {2011},
  publisher = {ACM}
}

@proceedings{DBLP:conf/popl/2011,
  editor    = {Thomas Ball and
               Mooly Sagiv},
  title     = {Proceedings of the 38th ACM SIGPLAN-SIGACT Symposium on
               Principles of Programming Languages, POPL 2011, Austin,
               TX, USA, January 26-28, 2011},
  booktitle = {POPL},
  publisher = {ACM},
  year      = {2011},
  isbn      = {978-1-4503-0490-0},
  ee        = {http://dl.acm.org/citation.cfm?id=1926385},
  bibsource = {DBLP, http://dblp.uni-trier.de}
}


@ARTICLE{logozzo,
	AUTHOR       = "Logozzo, Francesco",
	TITLE        = "Class invariants as abstract interpretation of trace semantics",
	JOURNAL      = "Computer Languages, Systems \& Structures",
	YEAR         = "2009",
	VOLUME       = "35",
    ISSUE        = "2",
	NUMBER       = "",
	PAGES        = "100--142",
	MONTH        = "",
	NOTE         = ""
}


@ARTICLE{HC12CL,
	AUTHOR       = "Halder, Raju and Cortesi, Agostino",
	TITLE        = "Abstract Interpretation of Database Query Languages",
	JOURNAL      = "Computer Languages, Systems \& Structures",
	YEAR         = "2012",
	VOLUME       = "38",
    ISSUE        = "2",
	NUMBER       = "",
	PAGES        = "123--157",
	MONTH        = "",
	NOTE         = ""
}

@INPROCEEDINGS{dtta13,
	AUTHOR       = "Cortesi, Agostino and Halder, Raju",
	TITLE        = "Abstract Interpretation of Recursive Queries",
	BOOKTITLE    = "Proc. of the 9th Int. Conf. on Distributed Computing and Internet Technologies",
	YEAR         = "2013",
	EDITOR       = "",
	PAGES        = "157--170",
	ORGANIZATION = "",
	PUBLISHER    = "Springer LNCS 7753",
	ADDRESS      = "India",
	MONTH        = "5--8 Feb 2013",
	NOTE         = ""
}

@book{HibBook,
 author = {Bauer, Christian and King, Gavin},
 title = {Hibernate in Action},
 year = {2004},
 isbn = {},
 publisher = {Manning Publications Co.},
 address = {}
}

@book{Bauer06,
 author = {Bauer, Christian and King, Gavin},
 title = {Java Persistence with Hibernate},
 year = {2006},
 isbn = {},
 publisher = {Manning Publications Co.},
 address = {}
}

@book{Elliott08,
 author = {Elliott, James and O'Brien, Tim and Fowler, Ryan},
 title = {Harnessing Hibernate},
 year = {2008},
 isbn = {},
 edition = {First},
 publisher = {O'Reilly}
}

@INPROCEEDINGS{cousota,
	AUTHOR       = "Cousot, P. and Cousot, R.",
	TITLE        = "Abstract interpretation: a unified lattice model for static analysis of programs by construction or approximation of fixpoints",
	BOOKTITLE    = "Proc. of the POPL'77",
	YEAR         = "1977",
	EDITOR       = "",
	PAGES        = "238--252",
	ORGANIZATION = "",
	PUBLISHER    = "ACM Press",
	ADDRESS      = "Los Angeles, CA, USA",
	MONTH        = "",
	NOTE         = ""
}

@inproceedings{CousotCousot79,
	 author = {Cousot, Patrick and Cousot, Radhia},
	 title = {Systematic design of program analysis frameworks},
	 booktitle = {Proceedings of the 6th ACM SIGACT-SIGPLAN symposium on Principles of programming languages},
	 series = {POPL '79},
	 year = {1979},
	 location = {San Antonio, Texas},
	 pages = {269--282},
	 numpages = {14},
	 acmid = {567778},
	 publisher = {ACM},
	 address = {New York, NY, USA}
	}

@inproceedings{CousotCousot92-4,
	 author = {Cousot, Patrick and Cousot, Radhia},
	 title = {Comparing the Galois Connection and Widening/Narrowing Approaches to Abstract Interpretation},
	 booktitle = {Proceedings of the 4th International Symposium on Programming Language Implementation and Logic Programming},
	 year = {1992},
	 isbn = {3-540-55844-6},
	 pages = {269--295},
	 numpages = {27},
	 acmid = {692441},
	 publisher = {Springer-Verlag},
	 address = {London, UK}
	 }

@ARTICLE{A06,
    AUTHOR       = "Min\'{e}, A.",
	TITLE        = "The octagon abstract domain",
	JOURNAL      = "Higher Order Symbol. Comput.",
	YEAR         = "2006",
	VOLUME       = "19",
    ISSUE        = "1",
	PAGES        = "31--100"
}

@INPROCEEDINGS{CMC08,
	AUTHOR       = "Chen, L. and Min\'{e}, A. and Cousot, P.",
	TITLE        = "A Sound Floating-Point Polyhedra Abstract Domain",
	BOOKTITLE    = "Proc. of the 6th Asian Symposium on Programming Languages and Systems",
	YEAR         = "2008",
	EDITOR       = "",
	PAGES        = "3--18",
	ORGANIZATION = "",
	PUBLISHER    = "ACM Press",
	ADDRESS      = "Bangalore, India",
	MONTH        = "",
	NOTE         = ""
}

@article{tarski55,
	    author = {Tarski, Alfred},
	    citeulike-article-id = {573417},
	    journal = {Pacific Journal of Mathematics},
	    pages = {285-309},
	    keywords = {},
	    posted-at = {},
	    priority = {},
	    title = {{A lattice-theoretical fixpoint theorem and its applications.}},
	    year = {1955}
	}

@article{CousotCousot-PJM-82-1-1979,
	   author = {Cousot, Patrick and Cousot, Radhia},
	   title =  {Constructive Versions of {T}arski's Fixed Point Theorems},
	   journal = {Pacific Journal of Mathematics},
	   volume = 81,
	   number = 1,
	   pages =  {43--57},
	   year =   1979
	}

@INPROCEEDINGS{HZC14,
	AUTHOR       = "Halder, Raju and Zanioli, Matteo and Cortesi, Agostino",
	TITLE        = "Information Leakage Analysis of Database Query Languages",
	BOOKTITLE    = "SAC",
	YEAR         = "2014",
	PUBLISHER    = "ACM"
}


@INPROCEEDINGS{ZC11,
	AUTHOR       = "Zanioli, Matteo and Cortesi, Agostino",
	TITLE        = "Information leakage analysis by abstract interpretation",
	BOOKTITLE    = "SOFSEM",
	YEAR         = "2011",
	PUBLISHER    = "Springer"
}

@INPROCEEDINGS{ZFC12,
	AUTHOR       = "Zanioli, Matteo and Ferrara, Pietro and Cortesi, Agostino",
	TITLE        = "SAILS: static analysis of information leakage with sample",
	BOOKTITLE    = "SAC",
	YEAR         = "2012",
	PUBLISHER    = "ACM"
}



@INPROCEEDINGS{HC13,
	AUTHOR       = "Halder, Raju and Cortesi, Agostino",
	TITLE        = "Abstract Program Slicing of Database Query Languages",
	BOOKTITLE    = "Proc. of the the 28th Symposium On Applied Computing",
	YEAR         = "2013",
	EDITOR       = "",
	PAGES        = "838--845",
	ORGANIZATION = "",
	PUBLISHER    = "ACM Press",
	ADDRESS      = "Coimbra, Portugal",
	MONTH        = "",
	NOTE         = ""
}

@ARTICLE{logozzo,
	AUTHOR       = "Logozzo, Francesco",
	TITLE        = "Class invariants as abstract interpretation of trace semantics",
	JOURNAL      = "Computer Languages, Systems \& Structures",
	YEAR         = "2009",
	VOLUME       = "35",
    ISSUE        = "2",
	NUMBER       = "",
	PAGES        = "100--142",
	MONTH        = "",
	NOTE         = ""
}



%DECLASSIFICATION ...............................................................

@ARTICLE{SS09,
    AUTHOR       = "Sabelfeld, Andrei and Sands, David",
	TITLE        = "Declassification: Dimensions and principles",
	JOURNAL      = "Journal of Computer Security",
	YEAR         = "2009",
	VOLUME       = "17",
    ISSUE        = "5",
	PAGES        = "517--548"
}

%FIRST WORK .......................................................................

@ARTICLE{DD76,
    AUTHOR       = "Denning, Dorothy E.",
	TITLE        = "A lattice model of secure information flow",
	JOURNAL      = "Communications of the ACM",
	YEAR         = "1976",
	VOLUME       = "19",
    ISSUE        = "5",
	PAGES        = "236--243"
}



@ARTICLE{SM06,
    AUTHOR       = "Sabelfeld, A. and Myers, A. C.",
	TITLE        = "Language-based information-flow security",
	JOURNAL      = "IEEE Journal on Selected Areas in Communications",
	YEAR         = "2003",
	VOLUME       = "21",
    ISSUE        = "1",
	PAGES        = "5--19"
}

@INPROCEEDINGS{SG07,
	AUTHOR       = "Smith, Geoffrey",
	TITLE        = "Principles of Secure Information Flow Analysis",
	BOOKTITLE    = "Malware Detection",
    SERIES       = "Advances in Information Security",
    VOLUME       = "27",
    EDITOR       = "Christodorescu, M. and al.",
	YEAR         = "2007",
	PAGES        = "291-307",
	PUBLISHER    = "Springer",
	MONTH        = ""
}



@ARTICLE{AB07,
    AUTHOR       = "Amtoft, Torben and Banerjee, Anindya",
	TITLE        = "A logic for information flow analysis with an application to forward slicing of simple imperative programs",
	JOURNAL      = "Science of Compututer Programming",
	YEAR         = "2007",
	VOLUME       = "64",
    ISSUE        = "1",
	PAGES        = "3--28"
}

@ARTICLE{Cortesi13,
    AUTHOR       = "Cortesi, Agostino and Costantini, Giulia and Ferrara, Pietro",
	TITLE        = "A Survey on Product Operators in Abstract Interpretation",
	JOURNAL      = "EPTCS",
	YEAR         = "2013",
	VOLUME       = "129",
           ISSUE        = "1",
	PAGES        = "325--336"
}

% Dependence graph based...........................................................................

@article{HS09,
    AUTHOR       = "Hammer, Christian and Snelting, Gregor",
	TITLE        = "Flow-sensitive, context-sensitive, and object-sensitive information flow control based on program dependence graphs",
	JOURNAL      = "International Journal of Information Security",
	YEAR         = "2009",
	VOLUME       = "8",
    ISSUE        = "6",
	PAGES        = "399--422"
}

@INPROCEEDINGS{C10,
	AUTHOR       = "Hammer, Christian",
	TITLE        = "Experiences with PDG-Based IFC",
	BOOKTITLE    = "ESSoS",
	YEAR         = "2010",
	publisher = "Springer"
}

@ARTICLE{LS09,
    AUTHOR       = "Lochbihler, Andreas and Snelting, Gregor",
	TITLE        = "On Temporal Path Conditions in Dependence Graphs",
	JOURNAL      = "Journal of Automated Software Engineering",
	YEAR         = "2009",
	VOLUME       = "16",
    ISSUE        = "2",
	PAGES        = "263--290"
}

%Slicing based ............................................................................

@ARTICLE{AB07,
    AUTHOR       = "Amtoft, Torben and Banerjee, Anindya",
	TITLE        = "A logic for information flow analysis with an application to forward slicing of simple imperative programs",
	JOURNAL      = "Science of Compututer Programming",
	YEAR         = "2007",
	VOLUME       = "64",
    ISSUE        = "1",
	PAGES        = "3--28"
}

@INPROCEEDINGS{S10,
	AUTHOR       = "Cavadini, Salvador",
	TITLE        = "Secure slices of insecure programs",
	BOOKTITLE    = "ASIACCS",
	YEAR         = "2008",
	PUBLISHER    = "ACM Press"
}

@INPROCEEDINGS{ST06,
	AUTHOR       = "Smith, Scott F. and Thober, Mark",
	TITLE        = "Refactoring programs to secure information flows",
	BOOKTITLE    = "PLAS",
	YEAR         = "2006",
	PUBLISHER    = "ACM"
}

@ARTICLE{L02,
    AUTHOR       = "Li, Bixin",
	TITLE        = "Analyzing information-flow in java program based on slicing technique",
	JOURNAL      = "SIGSOFT Softw. Eng. Notes",
	YEAR         = "2002",
	VOLUME       = "27",
    ISSUE        = "5",
	PAGES        = "98--103"
}

@ARTICLE{ZZNM02,
    AUTHOR       = "Zdancewic, Steve and Zheng, Lantian and Nystrom, Nathaniel and Myers, Andrew C.",
	TITLE        = "Secure program partitioning",
	JOURNAL      = "ACM Trans. Comput. Syst.",
	YEAR         = "2002",
	VOLUME       = "20",
    ISSUE        = "3",
	PAGES        = "283--328"
}


% Dynamic Anlaysis...........................................................

@INPROCEEDINGS{BZLZ10,
	AUTHOR       = "Bao, Tao and Zheng, Yunhui and Lin, Zhiqiang and Zhang, Xiangyu and Xu, Dongyan",
	TITLE        = "Strict control dependence and its effect on dynamic information flow analyses",
	BOOKTITLE    = "Proc. of the 19th int. symposium on Software testing and analysis",
	YEAR         = "2010",
	EDITOR       = "",
	PAGES        = "13--24",
	ORGANIZATION = "",
	PUBLISHER    = "ACM Press",
	ADDRESS      = "Trento, Italy",
	MONTH        = "",
	NOTE         = ""
}

% Static and Dynamic Analysis.......................................................

@INPROCEEDINGS{JCS11,
	AUTHOR       = "Just, Seth and Cleary, Alan and Shirley, Brandon and Hammer, Christian",
	TITLE        = "Information flow analysis for javascript",
	BOOKTITLE    = "Proc. of the 1st ACM SIGPLAN int. workshop on Programming language and systems technologies for internet clients",
	YEAR         = "2011",
	EDITOR       = "",
	PAGES        = "9--18",
	ORGANIZATION = "",
	PUBLISHER    = "ACM Press",
	ADDRESS      = "Portland, Oregon, USA",
	MONTH        = "",
	NOTE         = ""
}

%INFORMATION FLOW ON OBJECT ORIENTED PROGRAMMING ......................................

@INPROCEEDINGS{MA99,
	AUTHOR       = "Myers, Andrew C.",
	TITLE        = "JFlow: practical mostly-static information flow control",
	BOOKTITLE    = "Proc. of the 26th ACM SIGPLAN-SIGACT symposium on Principles of programming languages",
	YEAR         = "1999",
	PAGES        = "228--241",
	PUBLISHER    = "ACM Press",
	ADDRESS      = "San Antonio, Texas, USA",
	MONTH        = ""
}

@INPROCEEDINGS{BN02,
	AUTHOR       = "Banerjee, Anindya and Naumann, David A.",
	TITLE        = "Secure Information Flow and Pointer Confinement in a Java-like Language",
	BOOKTITLE    = "Proc. of the IEEE workshop on Computer Security Foundations",
	YEAR         = "2002",
	PAGES        = "253",
	PUBLISHER    = "IEEE CS",
	ADDRESS      = "Canada",
	MONTH        = ""
}

%INFORMATION FLOW ON FUNCTIONAL PROGRAMMING ......................................

@ARTICLE{PS03,
    AUTHOR       = "Pottier, Fran\c{c}ois and Simonet, Vincent",
	TITLE        = "Information flow inference for ML",
	JOURNAL      = "ACM Transactions on Programming Languages and Systems",
	YEAR         = "2003",
	VOLUME       = "25",
    ISSUE        = "1",
	PAGES        = "117--158"
}

@misc{advstatistics,
  author = "AppBrain",
  title = "AdNetwork Stats",
  howpublished = "\url{http://www.appbrain.com/stats/libraries/ad}"
}


@INPROCEEDINGS{Ferrara14,
	AUTHOR       = "Ferrara, Pietro",
	TITLE        = "Generic Combination of Heap and Value Analyses in Abstract Interpretation",
	BOOKTITLE    = "VMCAI",
	YEAR         = "2014",
	PUBLISHER    = "Springer"
}

%----------------------------------------------------------------------------------------
%	 Fine merge, Inizio nuovi
%----------------------------------------------------------------------------------------

@ARTICLE{Cortesi11wideningand,
    author = {Agostino Cortesi and Matteo Zanioli},
    title = { Widening and narrowing operators for abstract interpretation},
    journal = {Computer Languages, Systems \& Structures},
    year = {2011}
}

@INPROCEEDINGS{Cortesi08wideningoperators,
    author = {Agostino Cortesi},
    title = {Widening operators for abstract interpretation},
    booktitle = {In SEFM ?08: Proceedings of the 2008 Sixth IEEE International Conference on Software Engineering and Formal Methods},
    year = {2008},
    pages = {31--40},
    publisher = {IEEE Computer Society}
}

@INPROCEEDINGS{Sabelfeld04amodel,
    author = {Andrei Sabelfeld and Andrew C. Myers},
    title = {A Model for Delimited Information Release},
    booktitle = {In Proc. International Symp. on Software Security (ISSS?03), volume 3233 of LNCS},
    year = {2004},
    pages = {174--191},
    publisher = {Springer-Verlag}
}

@INPROCEEDINGS{Dam_decidabilityand,
    author = {Mads Dam},
    title = {Decidability and proof systems for language-based noninterference relations},
    booktitle = {In Proceedings POPL?06, Charleston, South Carolina, 2006. the Decidability of Model-Checking Information Flow Properties 15},
    year = {}
}

@MISC{Clark04,
    author = {David Clark and Sebastian Hunt and Pasquale Malacaria},
    title = { Quantified Interference for a While Language },
    year = {2004}
}

@TECHREPORT{McCamant06,
    author = {Stephen Mccamant and Michael D. Ernst},
    title = {Quantitative information-flow tracking for C and related languages},
    institution = {},
    year = {2006}
}

@MISC{Russo09implicitflows,
    author = {Alejandro Russo and Andrei Sabelfeld and Keqin Li},
    title = {Implicit flows in malicious and nonmalicious code},
    year = {2009}
}

@MISC{Volpano96asound,
    author = {Dennis Volpano and Geoffrey Smith and Cynthia Irvine},
    title = { A SOUND TYPE SYSTEM FOR SECURE FLOW ANALYSIS},
    year = {1996}
}

@MISC{Denning76certificationof,
    author = {Dorothy E. Denning and Peter J. Denning},
    title = {CERTIFICATION OF PROGRAMS FOR SECURE INFORMATION FLOW1},
    year = {1976}
}

@INPROCEEDINGS{Enck11astudy,
    author = {William Enck and Damien Octeau and Patrick Mcdaniel and Swarat Chaudhuri},
    title = {A study of Android application security},
    booktitle = {In Proc. USENIX Security Symposium},
    year = {2011}
}

@MISC{Liang_soundand,
    author = {Shuying Liang and Andrew W. Keep and Matthew Might and Steven Lyde and Thomas Gilray and Petey Aldous and David Van Horn},
    title = {Sound and Precise Malware Analysis for Android via Pushdown Reachability and Entry-Point Saturation},
    year = {}
}

@INPROCEEDINGS{130769, 
	author={Gray, J.W., III}, 
	booktitle={Research in Security and Privacy, 1991. Proceedings., 1991 IEEE Computer Society Symposium on}, 
	title={Toward a mathematical foundation for information flow security}, 
	year={1991}, 
	month={May}, 
	pages={21-34}, 
	keywords={finite automata;information theory;probabilistic logic;probability;security of data;computer security;computer systems;information flow-security;information-theoretic definition;nondeterministic;probabilistic properties;probabilistic state machine model;probability theory;verification condition;Bridges;Computer interfaces;Computer security;Concrete;Database systems;Equations;File systems;Information security;Information technology;Information theory}, 
	doi={10.1109/RISP.1991.130769},
}

@MISC{McCamant07,
    author = {Stephen Mccamant and Michael D. Ernst},
    title = {A Simulation-based Proof Technique forDynamic Information Flow},
    year = {2007}
}

@INPROCEEDINGS{Lowe02,
    author = {Gavin Lowe},
    title = {Quantifying Information Flow},
    booktitle = {In Proc. IEEE Computer Security Foundations Workshop},
    year = {2002},
    pages = {18--31}
}

@inproceedings{Hedin:2014:JTI:2554850.2554909,
 author = {Hedin, Daniel and Birgisson, Arnar and Bello, Luciano and Sabelfeld, Andrei},
 title = {JSFlow: Tracking Information Flow in JavaScript and Its APIs},
 booktitle = {Proceedings of the 29th Annual ACM Symposium on Applied Computing},
 series = {SAC '14},
 year = {2014},
 isbn = {978-1-4503-2469-4},
 location = {Gyeongju, Republic of Korea},
 pages = {1663--1671},
 numpages = {9},
 url = {http://doi.acm.org/10.1145/2554850.2554909},
 doi = {10.1145/2554850.2554909},
 acmid = {2554909},
 publisher = {ACM},
 address = {New York, NY, USA},
 keywords = {JavaScript, dynamic analysis, information flow}
}

@inproceedings{Payet:2011:SAA:2032266.2032299,
 author = {Payet, \'{E}tienne and Spoto, Fausto},
 title = {Static Analysis of Android Programs},
 booktitle = {Proceedings of the 23rd International Conference on Automated Deduction},
 series = {CADE'11},
 year = {2011},
 isbn = {978-3-642-22437-9},
 location = {Wroc\&\#322;aw, Poland},
 pages = {439--445},
 numpages = {7},
 url = {http://dl.acm.org/citation.cfm?id=2032266.2032299},
 acmid = {2032299},
 publisher = {Springer-Verlag},
 address = {Berlin, Heidelberg}
}

@MISC{Chen_contextualpolicy,
    author = {Kevin Zhijie Chen and Noah Johnson and Shuaifu Dai and Kyle Macnamara and Tom Magrino and Edward Wu and Martin Rinard and Dawn Song},
    title = {Contextual Policy Enforcement in Android Applications with Permission Event Graphs},
    year = {}
}

@inproceedings{Malacaria:2007:AST:1190216.1190251,
 author = {Malacaria, Pasquale},
 title = {Assessing Security Threats of Looping Constructs},
 booktitle = {Proceedings of the 34th Annual ACM SIGPLAN-SIGACT Symposium on Principles of Programming Languages},
 series = {POPL '07},
 year = {2007},
 isbn = {1-59593-575-4},
 location = {Nice, France},
 pages = {225--235},
 numpages = {11},
 url = {http://doi.acm.org/10.1145/1190216.1190251},
 doi = {10.1145/1190216.1190251},
 acmid = {1190251},
 publisher = {ACM},
 address = {New York, NY, USA},
 keywords = {information theory, language semantics, security}
} 

@article{Clark05,
 author = {Clark, David and Hunt, Sebastian and Malacaria, Pasquale},
 title = {Quantitative Information Flow, Relations and Polymorphic Types},
 journal = {J. Log. and Comput.},
 issue_date = {April 2005},
 volume = {15},
 number = {2},
 month = apr,
 year = {2005},
 issn = {0955-792X},
 pages = {181--199},
 numpages = {19},
 url = {http://dx.doi.org/10.1093/logcom/exi009},
 doi = {10.1093/logcom/exi009},
 acmid = {1094516},
 publisher = {Oxford University Press},
 address = {Oxford, UK},
 keywords = {Information flow, information theory, lambda calculus, program analysis, polymorphism, parametricity}
} 

@inproceedings{Smith:2009:FQI:1532848.1532876,
 author = {Smith, Geoffrey},
 title = {On the Foundations of Quantitative Information Flow},
 booktitle = {Proceedings of the 12th International Conference on Foundations of Software Science and Computational Structures: Held As Part of the Joint European Conferences on Theory and Practice of Software, ETAPS 2009},
 series = {FOSSACS '09},
 year = {2009},
 isbn = {978-3-642-00595-4},
 location = {York, UK},
 pages = {288--302},
 numpages = {15},
 url = {http://dx.doi.org/10.1007/978-3-642-00596-1_21},
 doi = {10.1007/978-3-642-00596-1_21},
 acmid = {1532876},
 publisher = {Springer-Verlag},
 address = {Berlin, Heidelberg}
} 

@inproceedings{Malacaria:2010:ITS:1875868.1875871,
 author = {Malacaria, Pasquale and Heusser, Jonathan},
 title = {Information Theory and Security: Quantitative Information Flow},
 booktitle = {Proceedings of the Formal Methods for Quantitative Aspects of Programming Languages, and 10th International Conference on School on Formal Methods for the Design of Computer, Communication and Software Systems},
 series = {SFM'10},
 year = {2010},
 isbn = {3-642-13677-X, 978-3-642-13677-1},
 location = {Bertinoro, Italy},
 pages = {87--134},
 numpages = {48},
 url = {http://dl.acm.org/citation.cfm?id=1875868.1875871},
 acmid = {1875871},
 publisher = {Springer-Verlag},
 address = {Berlin, Heidelberg}
} 

@article{city191,
          volume = {59},
          number = {3},
           month = {November},
          author = {David Clark and Sebastian Hunt and Pasquale Malacaria},
            note = {Quantitative Aspects of Programming Languages (Satellite Event for PLI 2001)},
           title = {Quantitative analysis of the leakage of confidential data},
       publisher = {Elsevier},
            year = {2002},
         journal = {Electronic Notes in Theoretical Computer Science},
           pages = {1 -- 14},
             url = {http://openaccess.city.ac.uk/191/}
}

@techreport{fritz2013highly,
  title={Highly Precise Taint Analysis for Android Application},
  author={Fritz, Christian and Arzt, Steven and Rasthofer, Siegfried and Bodden, Eric and Bartel, Alexandre and Klein, Jacques and le Traon, Yves and Octeau, Damien and McDaniel, Patrick},
  year={2013},
  institution={EC SPRIDE Technical Report TUD-CS-2013-0113. http://www. bodden. de/pubs/TUD-CS-2013-0113. pdf}
}

@inproceedings{Tripp14,
 author = {Tripp, Omer and Ferrara, Pietro and Pistoia, Marco},
 title = {Hybrid Security Analysis of Web JavaScript Code via Dynamic Partial Evaluation},
 booktitle = {Proceedings of the 2014 International Symposium on Software Testing and Analysis},
 series = {ISSTA 2014},
 year = {2014},
 isbn = {978-1-4503-2645-2},
 location = {San Jose, CA, USA},
 pages = {49--59},
 numpages = {11},
 url = {http://doi.acm.org/10.1145/2610384.2610385},
 doi = {10.1145/2610384.2610385},
 acmid = {2610385},
 publisher = {ACM},
 address = {New York, NY, USA},
 keywords = {JavaScript, hybrid analysis, partial evaluation, security}
} 

@article{Braghin:2008:IFS:1349902.1350256,
 author = {Braghin, Chiara and Cortesi, Agostino and Focardi, Riccardo},
 title = {Information Flow Security in Boundary Ambients},
 journal = {Inf. Comput.},
 issue_date = {February, 2008},
 volume = {206},
 number = {2-4},
 month = feb,
 year = {2008},
 issn = {0890-5401},
 pages = {460--489},
 numpages = {30},
 url = {http://dx.doi.org/10.1016/j.ic.2007.12.001},
 doi = {10.1016/j.ic.2007.12.001},
 acmid = {1350256},
 publisher = {Academic Press, Inc.},
 address = {Duluth, MN, USA}
} 

@inproceedings{King:2008:IFC:1496255.1496261,
 author = {King, Dave and Hicks, Boniface and Hicks, Michael and Jaeger, Trent},
 title = {Implicit Flows: Can'T Live with `Em, Can'T Live Without `Em},
 booktitle = {Proceedings of the 4th International Conference on Information Systems Security},
 series = {ICISS '08},
 year = {2008},
 isbn = {978-3-540-89861-0},
 location = {Hyderabad, India},
 pages = {56--70},
 numpages = {15},
 url = {http://dx.doi.org/10.1007/978-3-540-89862-7_4},
 doi = {10.1007/978-3-540-89862-7_4},
 acmid = {1496261},
 publisher = {Springer-Verlag},
 address = {Berlin, Heidelberg}
}

@inproceedings{Felt:2011:SMM:2046614.2046618,
 author = {Felt, Adrienne Porter and Finifter, Matthew and Chin, Erika and Hanna, Steve and Wagner, David},
 title = {A Survey of Mobile Malware in the Wild},
 booktitle = {Proceedings of the 1st ACM Workshop on Security and Privacy in Smartphones and Mobile Devices},
 series = {SPSM '11},
 year = {2011},
 isbn = {978-1-4503-1000-0},
 location = {Chicago, Illinois, USA},
 pages = {3--14},
 numpages = {12},
 url = {http://doi.acm.org/10.1145/2046614.2046618},
 doi = {10.1145/2046614.2046618},
 acmid = {2046618},
 publisher = {ACM},
 address = {New York, NY, USA},
 keywords = {malware, mobile devices, smartphones}
} 

@misc{DroidBench,
	author = {{Secure Software Engineering Group - Ec Spride}},
  title = {Droid{B}ench},
  howpublished = {\url{http://sseblog.ec-spride.de/tools/droidbench/}},
  note = {Accessed: Feb. 2015}
}

@inproceedings{CousotCousot77-1,
   author =    {Cousot, P{.} and Cousot, R{.}},
   title =     {Abstract interpretation: a unified lattice model for static 
                analysis of programs by construction or approximation of 
                fixpoints},
   pages =     {238--252},
   booktitle = {Conference Record of the Fourth Annual ACM SIGPLAN-SIGACT 
                Symposium on Principles of Programming Languages},
   address =   {Los Angeles, California},
   publisher = {ACM Press, New York, NY},
   year =      1977
}

@inproceedings{CousotCousot-POPL12,
   author =    {P.~Cousot and R.~Cousot},
   title =     {An Abstract Interpretation Framework for Termination},
   booktitle = {Conference Record of the 39$^{\mathrm{th}}$ Annual ACM 
                SIGPLAN-SIGACT Symposium on Principles of Programming 
                Languages},
   pages =     {245--258},
   address =   {Philadelphia, PA},
   publisher = {ACM Press, New York},
   month =     jan # " 25-27",
   year =      2012
}

@inproceedings{Chin:2011:AIC:1999995.2000018,
 author = {Chin, Erika and Felt, Adrienne Porter and Greenwood, Kate and Wagner, David},
 title = {Analyzing Inter-application Communication in Android},
 booktitle = {Proceedings of the 9th International Conference on Mobile Systems, Applications, and Services},
 series = {MobiSys '11},
 year = {2011},
 isbn = {978-1-4503-0643-0},
 location = {Bethesda, Maryland, USA},
 pages = {239--252},
 numpages = {14},
 url = {http://doi.acm.org/10.1145/1999995.2000018},
 doi = {10.1145/1999995.2000018},
 acmid = {2000018},
 publisher = {ACM},
 address = {New York, NY, USA},
 keywords = {Android, intents, message passing, mobile phone security}
} 

@misc{McAfee_threat,
	author = {{McAfee Labs}},
  title = {{T}hreats {R}eport},
  howpublished = {\url{http://www.mcafee.com/ca/resources/reports/rp-quarterly-threat-q3-2014.pdf}},
  note = {Accessed: Dec. 2014}
}

@misc{idc_phonetrack,
    author = {{International Data Corporation}},
  title = {{W}orldwide {Q}uarterly {M}obile {P}hone {T}racker 3q14},
  howpublished = {\url{http://www.idc.com/tracker/showproductinfo.jsp?prod-id=37}},
  note = {Accessed: Jan. 2015}
}